@article{2015Recent,
	title={Recent Advances in Convolutional Neural Networks},
	author={ Gu, J.  and  Wang, Z.  and  Kuen, J.  and  Ma, L.  and  Gang, W. },
	journal={Pattern Recognition},
	year={2015},
}